%YAML 1.1
%TAG !u! tag:unity3d.com,2011:
--- !u!1 &6070587307150901996
GameObject:
  m_ObjectHideFlags: 0
  m_CorrespondingSourceObject: {fileID: 0}
  m_PrefabInstance: {fileID: 0}
  m_PrefabAsset: {fileID: 0}
  serializedVersion: 6
  m_Component:
  - component: {fileID: 4262732137509206593}
  m_Layer: 0
  m_Name: parking
  m_TagString: Untagged
  m_Icon: {fileID: 0}
  m_NavMeshLayer: 0
  m_StaticEditorFlags: 0
  m_IsActive: 1
--- !u!4 &4262732137509206593
Transform:
  m_ObjectHideFlags: 0
  m_CorrespondingSourceObject: {fileID: 0}
  m_PrefabInstance: {fileID: 0}
  m_PrefabAsset: {fileID: 0}
  m_GameObject: {fileID: 6070587307150901996}
  m_LocalRotation: {x: -0, y: -0, z: -0, w: 1}
  m_LocalPosition: {x: -27.663733, y: 0.27145243, z: 13.619991}
  m_LocalScale: {x: 1, y: 1, z: 1}
  m_ConstrainProportionsScale: 0
  m_Children:
  - {fileID: 5971418212887874649}
  - {fileID: 4236752755082008801}
  - {fileID: 3902605408240052550}
  m_Father: {fileID: 0}
  m_RootOrder: 0
  m_LocalEulerAnglesHint: {x: 0, y: 0, z: 0}
--- !u!1001 &7786795243520463055
PrefabInstance:
  m_ObjectHideFlags: 0
  serializedVersion: 2
  m_Modification:
    m_TransformParent: {fileID: 4262732137509206593}
    m_Modifications:
    - target: {fileID: 1104272427728494111, guid: 2831fb42ce5cd41ff959c97460578502, type: 3}
      propertyPath: m_Name
      value: Heli full
      objectReference: {fileID: 0}
    - target: {fileID: 6258799699272075310, guid: 2831fb42ce5cd41ff959c97460578502, type: 3}
      propertyPath: m_RootOrder
      value: 1
      objectReference: {fileID: 0}
    - target: {fileID: 6258799699272075310, guid: 2831fb42ce5cd41ff959c97460578502, type: 3}
      propertyPath: m_LocalPosition.x
      value: 11.455812
      objectReference: {fileID: 0}
    - target: {fileID: 6258799699272075310, guid: 2831fb42ce5cd41ff959c97460578502, type: 3}
      propertyPath: m_LocalPosition.y
      value: 1.2482626
      objectReference: {fileID: 0}
    - target: {fileID: 6258799699272075310, guid: 2831fb42ce5cd41ff959c97460578502, type: 3}
      propertyPath: m_LocalPosition.z
      value: 8.69973
      objectReference: {fileID: 0}
    - target: {fileID: 6258799699272075310, guid: 2831fb42ce5cd41ff959c97460578502, type: 3}
      propertyPath: m_LocalRotation.w
      value: 1
      objectReference: {fileID: 0}
    - target: {fileID: 6258799699272075310, guid: 2831fb42ce5cd41ff959c97460578502, type: 3}
      propertyPath: m_LocalRotation.x
      value: -0
      objectReference: {fileID: 0}
    - target: {fileID: 6258799699272075310, guid: 2831fb42ce5cd41ff959c97460578502, type: 3}
      propertyPath: m_LocalRotation.y
      value: -0
      objectReference: {fileID: 0}
    - target: {fileID: 6258799699272075310, guid: 2831fb42ce5cd41ff959c97460578502, type: 3}
      propertyPath: m_LocalRotation.z
      value: -0
      objectReference: {fileID: 0}
    - target: {fileID: 6258799699272075310, guid: 2831fb42ce5cd41ff959c97460578502, type: 3}
      propertyPath: m_LocalEulerAnglesHint.x
      value: 0
      objectReference: {fileID: 0}
    - target: {fileID: 6258799699272075310, guid: 2831fb42ce5cd41ff959c97460578502, type: 3}
      propertyPath: m_LocalEulerAnglesHint.y
      value: 0
      objectReference: {fileID: 0}
    - target: {fileID: 6258799699272075310, guid: 2831fb42ce5cd41ff959c97460578502, type: 3}
      propertyPath: m_LocalEulerAnglesHint.z
      value: 0
      objectReference: {fileID: 0}
    m_RemovedComponents: []
  m_SourcePrefab: {fileID: 100100000, guid: 2831fb42ce5cd41ff959c97460578502, type: 3}
--- !u!4 &4236752755082008801 stripped
Transform:
  m_CorrespondingSourceObject: {fileID: 6258799699272075310, guid: 2831fb42ce5cd41ff959c97460578502, type: 3}
  m_PrefabInstance: {fileID: 7786795243520463055}
  m_PrefabAsset: {fileID: 0}
--- !u!1001 &8426617058591561853
PrefabInstance:
  m_ObjectHideFlags: 0
  serializedVersion: 2
  m_Modification:
    m_TransformParent: {fileID: 4262732137509206593}
    m_Modifications:
    - target: {fileID: 1986123385474652535, guid: cff187b26b8e7496abf1198396bb91ce, type: 3}
      propertyPath: m_Name
      value: car blue
      objectReference: {fileID: 0}
    - target: {fileID: 2751671522075743268, guid: cff187b26b8e7496abf1198396bb91ce, type: 3}
      propertyPath: m_RootOrder
      value: 0
      objectReference: {fileID: 0}
    - target: {fileID: 2751671522075743268, guid: cff187b26b8e7496abf1198396bb91ce, type: 3}
      propertyPath: m_LocalPosition.x
      value: 20.198061
      objectReference: {fileID: 0}
    - target: {fileID: 2751671522075743268, guid: cff187b26b8e7496abf1198396bb91ce, type: 3}
      propertyPath: m_LocalPosition.y
      value: 0.95367277
      objectReference: {fileID: 0}
    - target: {fileID: 2751671522075743268, guid: cff187b26b8e7496abf1198396bb91ce, type: 3}
      propertyPath: m_LocalPosition.z
      value: -10.542332
      objectReference: {fileID: 0}
    - target: {fileID: 2751671522075743268, guid: cff187b26b8e7496abf1198396bb91ce, type: 3}
      propertyPath: m_LocalRotation.w
      value: 1
      objectReference: {fileID: 0}
    - target: {fileID: 2751671522075743268, guid: cff187b26b8e7496abf1198396bb91ce, type: 3}
      propertyPath: m_LocalRotation.x
      value: -0
      objectReference: {fileID: 0}
    - target: {fileID: 2751671522075743268, guid: cff187b26b8e7496abf1198396bb91ce, type: 3}
      propertyPath: m_LocalRotation.y
      value: -0
      objectReference: {fileID: 0}
    - target: {fileID: 2751671522075743268, guid: cff187b26b8e7496abf1198396bb91ce, type: 3}
      propertyPath: m_LocalRotation.z
      value: -0
      objectReference: {fileID: 0}
    - target: {fileID: 2751671522075743268, guid: cff187b26b8e7496abf1198396bb91ce, type: 3}
      propertyPath: m_LocalEulerAnglesHint.x
      value: 0
      objectReference: {fileID: 0}
    - target: {fileID: 2751671522075743268, guid: cff187b26b8e7496abf1198396bb91ce, type: 3}
      propertyPath: m_LocalEulerAnglesHint.y
      value: 0
      objectReference: {fileID: 0}
    - target: {fileID: 2751671522075743268, guid: cff187b26b8e7496abf1198396bb91ce, type: 3}
      propertyPath: m_LocalEulerAnglesHint.z
      value: 0
      objectReference: {fileID: 0}
    m_RemovedComponents: []
  m_SourcePrefab: {fileID: 100100000, guid: cff187b26b8e7496abf1198396bb91ce, type: 3}
--- !u!4 &5971418212887874649 stripped
Transform:
  m_CorrespondingSourceObject: {fileID: 2751671522075743268, guid: cff187b26b8e7496abf1198396bb91ce, type: 3}
  m_PrefabInstance: {fileID: 8426617058591561853}
  m_PrefabAsset: {fileID: 0}
--- !u!1001 &8554157338672060395
PrefabInstance:
  m_ObjectHideFlags: 0
  serializedVersion: 2
  m_Modification:
    m_TransformParent: {fileID: 4262732137509206593}
    m_Modifications:
    - target: {fileID: 4656350612587544236, guid: 6af60adf179cc456392c1dce05e0f191, type: 3}
      propertyPath: m_Name
      value: Destroyed car with body
      objectReference: {fileID: 0}
    - target: {fileID: 4656350612587544237, guid: 6af60adf179cc456392c1dce05e0f191, type: 3}
      propertyPath: m_RootOrder
      value: 2
      objectReference: {fileID: 0}
    - target: {fileID: 4656350612587544237, guid: 6af60adf179cc456392c1dce05e0f191, type: 3}
      propertyPath: m_LocalPosition.x
      value: 0
      objectReference: {fileID: 0}
    - target: {fileID: 4656350612587544237, guid: 6af60adf179cc456392c1dce05e0f191, type: 3}
      propertyPath: m_LocalPosition.y
      value: 0
      objectReference: {fileID: 0}
    - target: {fileID: 4656350612587544237, guid: 6af60adf179cc456392c1dce05e0f191, type: 3}
      propertyPath: m_LocalPosition.z
      value: 0
      objectReference: {fileID: 0}
    - target: {fileID: 4656350612587544237, guid: 6af60adf179cc456392c1dce05e0f191, type: 3}
      propertyPath: m_LocalRotation.w
      value: 1
      objectReference: {fileID: 0}
    - target: {fileID: 4656350612587544237, guid: 6af60adf179cc456392c1dce05e0f191, type: 3}
      propertyPath: m_LocalRotation.x
      value: -0
      objectReference: {fileID: 0}
    - target: {fileID: 4656350612587544237, guid: 6af60adf179cc456392c1dce05e0f191, type: 3}
      propertyPath: m_LocalRotation.y
      value: -0
      objectReference: {fileID: 0}
    - target: {fileID: 4656350612587544237, guid: 6af60adf179cc456392c1dce05e0f191, type: 3}
      propertyPath: m_LocalRotation.z
      value: -0
      objectReference: {fileID: 0}
    - target: {fileID: 4656350612587544237, guid: 6af60adf179cc456392c1dce05e0f191, type: 3}
      propertyPath: m_LocalEulerAnglesHint.x
      value: 0
      objectReference: {fileID: 0}
    - target: {fileID: 4656350612587544237, guid: 6af60adf179cc456392c1dce05e0f191, type: 3}
      propertyPath: m_LocalEulerAnglesHint.y
      value: 0
      objectReference: {fileID: 0}
    - target: {fileID: 4656350612587544237, guid: 6af60adf179cc456392c1dce05e0f191, type: 3}
      propertyPath: m_LocalEulerAnglesHint.z
      value: 0
      objectReference: {fileID: 0}
    m_RemovedComponents: []
  m_SourcePrefab: {fileID: 100100000, guid: 6af60adf179cc456392c1dce05e0f191, type: 3}
--- !u!4 &3902605408240052550 stripped
Transform:
  m_CorrespondingSourceObject: {fileID: 4656350612587544237, guid: 6af60adf179cc456392c1dce05e0f191, type: 3}
  m_PrefabInstance: {fileID: 8554157338672060395}
  m_PrefabAsset: {fileID: 0}
